% This file was created with JabRef 2.10.
% Encoding: Cp1252


@InProceedings{Bachmair2000,
  Title                    = {Abstract Congruence Closure and Specializations},
  Author                   = {Leo Bachmair and
 Ashish Tiwari},
  Booktitle                = {CADE},
  Year                     = {2000},
  Pages                    = {64-78},
  Bibsource                = {DBLP, http://dblp.uni-trier.de},
  Crossref                 = {DBLP:conf/cade/2000},
  Ee                       = {http://dx.doi.org/10.1007/10721959_5},
  Owner                    = {Andreas},
  Timestamp                = {2014.04.10}
}

@InProceedings{Bar-Ilan2008,
  Title                    = {Linear-Time Reductions of Resolution Proofs},
  Author                   = {Omer Bar-Ilan and
 Oded Fuhrmann and
 Shlomo Hoory and
 Ohad Shacham and
 Ofer Strichman},
  Booktitle                = {Haifa Verification Conference},
  Year                     = {2008},
  Pages                    = {114-128},
  Bibsource                = {DBLP, http://dblp.uni-trier.de},
  Crossref                 = {DBLP:conf/hvc/2008},
  Ee                       = {http://dx.doi.org/10.1007/978-3-642-01702-5_14},
  Owner                    = {Andreas},
  Timestamp                = {2014.04.10}
}

@InProceedings{Ben-Sasson2002,
  Title                    = {Size space tradeoffs for resolution},
  Author                   = {Eli Ben-Sasson},
  Booktitle                = {STOC},
  Year                     = {2002},
  Pages                    = {457-464},
  Bibsource                = {DBLP, http://dblp.uni-trier.de},
  Crossref                 = {DBLP:conf/stoc/2002},
  Ee                       = {http://doi.acm.org/10.1145/509907.509975},
  Owner                    = {Andreas},
  Timestamp                = {2014.04.09}
}

@InProceedings{Boudou2013,
  Title                    = {Compression of Propositional Resolution Proofs by Lowering
 Subproofs},
  Author                   = {Joseph Boudou and
 Bruno Woltzenlogel Paleo},
  Booktitle                = {TABLEAUX},
  Year                     = {2013},
  Pages                    = {59-73},

  Bibsource                = {DBLP, http://dblp.uni-trier.de},
  Crossref                 = {DBLP:conf/tableaux/2013},
  Ee                       = {http://dx.doi.org/10.1007/978-3-642-40537-2_7},
  File                     = {:S\:\\Users\\Andreas\\Documents\\studium\\emcl\\GSoC\\Papers\\LUniv\\univalent.pdf:PDF},
  Owner                    = {Andreas},
  Timestamp                = {2014.04.09}
}

@InProceedings{Bouton2009,
  Title                    = {veriT: An Open, Trustable and Efficient SMT-Solver},
  Author                   = {Thomas Bouton and
 Diego Caminha B. de Oliveira and
 David D{\'e}harbe and
 Pascal Fontaine},
  Booktitle                = {CADE},
  Year                     = {2009},
  Pages                    = {151-156},
  Bibsource                = {DBLP, http://dblp.uni-trier.de},
  Crossref                 = {DBLP:conf/cade/2009},
  Ee                       = {http://dx.doi.org/10.1007/978-3-642-02959-2_12},
  Owner                    = {Andreas},
  Timestamp                = {2014.04.10}
}

@InProceedings{Cotton2010,
  Title                    = {Two Techniques for Minimizing Resolution Proofs},
  Author                   = {Scott Cotton},
  Booktitle                = {SAT},
  Year                     = {2010},
  Pages                    = {306-312},
  Bibsource                = {DBLP, http://dblp.uni-trier.de},
  Crossref                 = {DBLP:conf/sat/2010},
  Ee                       = {http://dx.doi.org/10.1007/978-3-642-14186-7_26},
  Owner                    = {Andreas},
  Timestamp                = {2014.04.10}
}

@InProceedings{Fontaine2011,
  Title                    = {Compression of Propositional Resolution Proofs via Partial
 Regularization},
  Author                   = {Pascal Fontaine and
 Stephan Merz and
 Bruno Woltzenlogel Paleo},
  Booktitle                = {CADE},
  Year                     = {2011},
  Pages                    = {237-251},
  Bibsource                = {DBLP, http://dblp.uni-trier.de},
  Crossref                 = {DBLP:conf/cade/2011},
  Ee                       = {http://dx.doi.org/10.1007/978-3-642-22438-6_19},
  Owner                    = {Andreas},
  Timestamp                = {2014.04.10}
}

@InProceedings{Hetzl2012,
  Title                    = {Towards Algorithmic Cut-Introduction},
  Author                   = {Stefan Hetzl and
 Alexander Leitsch and
 Daniel Weller},
  Booktitle                = {LPAR},
  Year                     = {2012},
  Pages                    = {228-242},
  Bibsource                = {DBLP, http://dblp.uni-trier.de},
  Crossref                 = {DBLP:conf/lpar/2012},
  Ee                       = {http://dx.doi.org/10.1007/978-3-642-28717-6_19},
  Owner                    = {Andreas},
  Timestamp                = {2014.04.10}
}

@InProceedings{Heule2013,
  Title                    = {Trimming while checking clausal proofs},
  Author                   = {Marijn Heule and
 Warren A. Hunt Jr. and
 Nathan Wetzler},
  Booktitle                = {FMCAD},
  Year                     = {2013},
  Pages                    = {181-188},

  __markedentry            = {[Andreas:6]},
  Bibsource                = {DBLP, http://dblp.uni-trier.de},
  Crossref                 = {DBLP:conf/fmcad/2013},
  Ee                       = {http://ieeexplore.ieee.org/xpl/freeabs_all.jsp?arnumber=6679408},
  Owner                    = {Andreas},
  Timestamp                = {2014.04.10}
}

@InProceedings{McMill2005,
  Title                    = {Applications of Craig Interpolants in Model Checking},
  Author                   = {Kenneth L. McMillan},
  Booktitle                = {TACAS},
  Year                     = {2005},
  Pages                    = {1-12},

  Bibsource                = {DBLP, http://dblp.uni-trier.de},
  Crossref                 = {DBLP:conf/tacas/2005},
  Ee                       = {http://dx.doi.org/10.1007/978-3-540-31980-1_1},
  File                     = {:literature\\Applications_of_Craig_Interpolants_in_Model_Checking.pdf:PDF},
  Owner                    = {Andreas},
  Timestamp                = {2014.04.09}
}

@InProceedings{Nieuwenhuis2005,
  Title                    = {Proof-Producing Congruence Closure},
  Author                   = {Robert Nieuwenhuis and
 Albert Oliveras},
  Booktitle                = {RTA},
  Year                     = {2005},
  Pages                    = {453-468},
  Bibsource                = {DBLP, http://dblp.uni-trier.de},
  Crossref                 = {DBLP:conf/rta/2005},
  Ee                       = {http://dx.doi.org/10.1007/978-3-540-32033-3_33},
  Owner                    = {Andreas},
  Timestamp                = {2014.04.10}
}

@Book{Arora2009,
  Title                    = {Computational Complexity - A Modern Approach},
  Author                   = {Sanjeev Arora and
 Boaz Barak},
  Publisher                = {Cambridge University Press},
  Year                     = {2009},

  Bibsource                = {DBLP, http://dblp.uni-trier.de},
  Ee                       = {http://www.cambridge.org/catalogue/catalogue.asp?isbn=9780521424264},
  File                     = {:S\:\\Users\\Andreas\\Documents\\studium\\general_literature\\computational_complexity-modern_approach.pdf:PDF},
  ISBN                     = {978-0-521-42426-4},
  Owner                    = {Andreas},
  Pages                    = {I-XXIV, 1-579},
  Timestamp                = {2014.04.09}
}

@Article{Beame1998a,
  Title                    = {Propositional Proof Complexity: Past, Present and Future},
  Author                   = {Paul Beame and
 Toniann Pitassi},
  Journal                  = {Bulletin of the EATCS},
  Year                     = {1998},
  Pages                    = {66-89},
  Volume                   = {65},

  Bibsource                = {DBLP, http://dblp.uni-trier.de},
  File                     = {:literature\\Propositional_Proof_Complexity_Past_Present_Future.pdf:PDF},
  Owner                    = {Andreas},
  Timestamp                = {2014.04.09}
}

@Unpublished{Bloem,
  Title                    = {Reduction of Resolution Refutations and Interpolants via Subsumption},
  Author                   = {Bloem, Roderick and Malik, Sharad and Schlaipfer, Matthias and Weissenbacher, Georg},

  File                     = {:S$\backslash$:/Users/Andreas/Documents/studium/emcl/Wien/Thesis/literature/Reduction\_of\_Resolution\_Refutations.pdf:pdf},
  Mendeley-groups          = {Proof compression}
}

@Article{Cook1979,
  Title                    = {The Relative Efficiency of Propositional Proof Systems},
  Author                   = {Stephen A. Cook and
 Robert A. Reckhow},
  Journal                  = {J. Symb. Log.},
  Year                     = {1979},
  Number                   = {1},
  Pages                    = {36-50},
  Volume                   = {44},

  Bibsource                = {DBLP, http://dblp.uni-trier.de},
  File                     = {:literature\\cook_reckhow.pdf:PDF},
  Owner                    = {Andreas},
  Timestamp                = {2014.04.09}
}

@Book{Cormen1989,
  Title                    = {Introduction to Algorithms},
  Author                   = {Thomas H. Cormen and
 Charles E. Leiserson and
 Ronald L. Rivest},
  Publisher                = {The MIT Press and McGraw-Hill Book Company},
  Year                     = {1989},
  Bibsource                = {DBLP, http://dblp.uni-trier.de},
  ISBN                     = {0-262-03141-8, 0-07-013143-0},
  Owner                    = {Andreas},
  Timestamp                = {2014.04.10}
}

@Article{Dijkstra1959,
  Title                    = {A note on two problems in connexion with graphs},
  Author                   = {Dijkstra, Edsger W},
  Journal                  = {Numerische mathematik},
  Year                     = {1959},
  Number                   = {1},
  Pages                    = {269--271},
  Volume                   = {1},

  File                     = {:literature\\Dijkstra.pdf:PDF},
  Owner                    = {Andreas},
  Publisher                = {Springer},
  Timestamp                = {2014.04.09},
  Url                      = {http://www.springerlink.com/index/uu8608u0u27k7256.pdf}
}

@Article{Downey1980,
  Title                    = {Variations on the Common Subexpression Problem},
  Author                   = {Peter J. Downey and
 Ravi Sethi and
 Robert Endre Tarjan},
  Journal                  = {J. ACM},
  Year                     = {1980},
  Number                   = {4},
  Pages                    = {758-771},
  Volume                   = {27},
  Bibsource                = {DBLP, http://dblp.uni-trier.de},
  Ee                       = {http://doi.acm.org/10.1145/322217.322228},
  Owner                    = {Andreas},
  Timestamp                = {2014.04.10}
}

@Article{Esteban2001,
  Title                    = {Space Bounds for Resolution},
  Author                   = {Juan Luis Esteban and
 Jacobo Tor{\'a}n},
  Journal                  = {Inf. Comput.},
  Year                     = {2001},
  Number                   = {1},
  Pages                    = {84-97},
  Volume                   = {171},
  Bibsource                = {DBLP, http://dblp.uni-trier.de},
  Ee                       = {http://dx.doi.org/10.1006/inco.2001.2921},
  Owner                    = {Andreas},
  Timestamp                = {2014.04.09}
}

@PhdThesis{Fontaine2004,
  Title                    = {Techniques for verification of concurrent systems with invariants},
  Author                   = {Fontaine, Pascal},
  School                   = {PhD thesis, Institut Montefiore, Universit{\'e} de Liege, Belgium},
  Year                     = {2004},

  __markedentry            = {[Andreas:]},
  Owner                    = {Andreas},
  Timestamp                = {2014.04.10}
}

@Article{Hofferek2013,
  Title                    = {Synthesizing Multiple Boolean Functions using Interpolation
 on a Single Proof},
  Author                   = {Georg Hofferek and
 Ashutosh Gupta and
 Bettina K{\"o}nighofer and
 Jie-Hong Roland Jiang and
 Roderick Bloem},
  Journal                  = {CoRR},
  Year                     = {2013},
  Volume                   = {abs/1308.4767},

  Bibsource                = {DBLP, http://dblp.uni-trier.de},
  Ee                       = {http://arxiv.org/abs/1308.4767},
  File                     = {:literature\\Synthesizing_multiple_boolean_functions.pdf:PDF},
  Owner                    = {Andreas},
  Timestamp                = {2014.04.09}
}

@Article{Hopcroft1977,
  Title                    = {On Time Versus Space},
  Author                   = {John E. Hopcroft and
 Wolfgang J. Paul and
 Leslie G. Valiant},
  Journal                  = {J. ACM},
  Year                     = {1977},
  Number                   = {2},
  Pages                    = {332-337},
  Volume                   = {24},

  Bibsource                = {DBLP, http://dblp.uni-trier.de},
  Ee                       = {http://doi.acm.org/10.1145/322003.322015},
  Owner                    = {Andreas},
  Timestamp                = {2014.04.09}
}

@Article{Konev2014,
  Title                    = {A SAT Attack on the Erdos Discrepancy Conjecture},
  Author                   = {Boris Konev and
 Alexei Lisitsa},
  Journal                  = {CoRR},
  Year                     = {2014},
  Volume                   = {abs/1402.2184},

  Bibsource                = {DBLP, http://dblp.uni-trier.de},
  Ee                       = {http://arxiv.org/abs/1402.2184},
  File                     = {:literature\\SAT_Attack_on_the_Erdos_Discrepancy_Conjecture.pdf:PDF},
  Owner                    = {Andreas},
  Timestamp                = {2014.04.09}
}

@Article{Nelson1980,
  Title                    = {Fast Decision Procedures Based on Congruence Closure},
  Author                   = {Greg Nelson and
 Derek C. Oppen},
  Journal                  = {J. ACM},
  Year                     = {1980},
  Number                   = {2},
  Pages                    = {356-364},
  Volume                   = {27},
  Bibsource                = {DBLP, http://dblp.uni-trier.de},
  Ee                       = {http://doi.acm.org/10.1145/322186.322198},
  Owner                    = {Andreas},
  Timestamp                = {2014.04.10}
}

@Article{Nieuwenhuis2007,
  Title                    = {Fast congruence closure and extensions},
  Author                   = {Robert Nieuwenhuis and
 Albert Oliveras},
  Journal                  = {Inf. Comput.},
  Year                     = {2007},
  Number                   = {4},
  Pages                    = {557-580},
  Volume                   = {205},
  Bibsource                = {DBLP, http://dblp.uni-trier.de},
  Ee                       = {http://dx.doi.org/10.1016/j.ic.2006.08.009},
  Owner                    = {Andreas},
  Timestamp                = {2014.04.10}
}

@Article{Nordstroem2013,
  Title                    = {Pebble Games, Proof Complexity, and Time-Space Trade-offs},
  Author                   = {Jakob Nordstr{\"o}m},
  Journal                  = {Logical Methods in Computer Science},
  Year                     = {2013},
  Number                   = {3},
  Volume                   = {9},

  Bibsource                = {DBLP, http://dblp.uni-trier.de},
  Ee                       = {http://dx.doi.org/10.2168/LMCS-9(3:15)2013, http://arxiv.org/abs/1307.3913},
  Owner                    = {Andreas},
  Timestamp                = {2014.04.09}
}

@Unpublished{Boudou,
  Title                    = {Skeptik System Description},
  Author                   = {Paleo, Bruno Woltzenlogel and Boudou, Joseph and Fellner, Andreas},

  File                     = {:D$\backslash$:/Paradoxika/Papers/SystemDescription/SkeptikSystemDescription.pdf:pdf},
  Mendeley-groups          = {General}
}

@Article{Sethi1975,
  Title                    = {Complete Register Allocation Problems},
  Author                   = {Ravi Sethi},
  Journal                  = {SIAM J. Comput.},
  Year                     = {1975},
  Number                   = {3},
  Pages                    = {226-248},
  Volume                   = {4},

  Bibsource                = {DBLP, http://dblp.uni-trier.de},
  Ee                       = {http://dx.doi.org/10.1137/0204020},
  Owner                    = {Andreas},
  Timestamp                = {2014.04.09}
}

@Article{Shostak1978,
  Title                    = {An Algorithm for Reasoning About Equality},
  Author                   = {Robert E. Shostak},
  Journal                  = {Commun. ACM},
  Year                     = {1978},
  Number                   = {7},
  Pages                    = {583-585},
  Volume                   = {21},
  Bibsource                = {DBLP, http://dblp.uni-trier.de},
  Ee                       = {http://doi.acm.org/10.1145/359545.359570},
  Owner                    = {Andreas},
  Timestamp                = {2014.04.10}
}

@Unpublished{Tiwari,
  Title                    = {Analyzing selected Network Optimization problems under the color cost metric},
  Author                   = {Tiwari, Ashish},

  File                     = {:S$\backslash$:/Users/Andreas/Documents/studium/emcl/Wien/Thesis/literature/Graph-color-minimizations.pdf:pdf},
  Mendeley-groups          = {Congruence},
  Pages                    = {1--14}
}

@Proceedings{Biere2009,
  Title                    = {Handbook of Satisfiability},
  Year                     = {2009},
  Editor                   = {Armin Biere and
 Marijn Heule and
 Hans van Maaren and
 Toby Walsh},
  Publisher                = {IOS Press},
  Series                   = {Frontiers in Artificial Intelligence and Applications},
  Volume                   = {185},

  Bibsource                = {DBLP, http://dblp.uni-trier.de},
  Booktitle                = {Handbook of Satisfiability},
  File                     = {:S\:\\Users\\Andreas\\Documents\\studium\\general_literature\\Handbook_of_Satisfiability.pdf:PDF},
  ISBN                     = {978-1-58603-929-5},
  Owner                    = {Andreas},
  Timestamp                = {2014.04.09}
}

@comment{jabref-meta: groupsversion:3;}

@comment{jabref-meta: groupstree:
0 AllEntriesGroup:;
1 ExplicitGroup:Pebbling\;0\;2013\;Ben-Sasson2002\;Esteban2001\;Heule2
013\;Hopcroft1977\;Konev2014\;Nordstroem2013\;Sethi1975\;;
1 ExplicitGroup:General\;0\;Biere2009\;Bouton2009\;Cormen1989\;Dijkstr
a1959\;Hofferek2013\;McMill2005\;;
1 ExplicitGroup:Proof compression\;0\;2012\;Abdulla2013\;Aggarwal2007\
;Aggarwal2007a\;Aggarwal2013\;Alkassar2011\;Andrzejak1997\;Baase1993\;
Baeza-Yates1992\;Bar-Ilan2008\;Barbos1996\;Bauersfeld1992\;Berry2010\;
Berthold2012\;Bjorner2011\;Bjorner2012\;Bloem\;Blum2013\;Bobd2007\;Bon
ato2012\;Bouchachia2012\;Boudou2013\;Brown1992\;Bulgren1986\;Chrobak20
09\;Coello2005\;Coqu2006\;Coqu2006a\;Corchado2005\;Cormen2001\;Cormen2
009\;Cotton2010\;Cousins1993\;Cox1997\;Dale1991\;Dickinson2001\;Dijkst
ra1982\;Dowek2011\;Dyer1989\;Edwards2005\;El-Atawy2010\;Fahle2004\;Fon
taine2011\;Frakes1992\;Frey2001\;Gabow2007\;Geitz1991\;Giancarlo2008\;
Goodm2007\;Goodm2008\;Goodm2009\;Goodm2010\;Goodm2011\;Goodm2012\;Good
m2013\;Grahl2008\;Guan2013\;Guido2007\;Guo2012\;Hales2005\;Heiss-Czedi
k1997\;Henao2011\;Henrion1989\;Henrion1990\;Hetzl2012\;Hoyer2001\;JaJa
1992\;Jaimes2008\;Jansen1997\;Karp1991\;Konst2004\;Krasnogor2011\;Krev
eld1997\;Kshemkalyani1995\;Langston1996\;Little1986\;Losee1997\;Luby19
96\;Manber1989\;Marchini2003\;Margenov1998\;Mavronicolas2002\;Mavronic
olas2009\;Mayr1998\;Mayr1998a\;Meyers2009\;Mitchell1998\;Mueller2001\;
Nielsen2009\;Nievergelt1996\;Nijhout1997\;Orlov2009\;Pelikan2010\;Phil
lips1999\;Quinton1993\;Rawlins1992\;Rothlauf2009\;Ryan2008\;Sastry2002
\;Scaglione2011\;Sedgewick1996\;Sgall2001\;Siarry2008\;Sivanandam2008\
;Smolinski2008\;Soule2012\;Stojmenovic1994\;Strichman2010\;Thierens200
7\;Wolf2007\;Xavier1998\;Zhang1999\;;
1 ExplicitGroup:Congruence\;0\;Bachmair2000\;Downey1980\;Flajolet1990\
;Fontaine2004\;Giesl2005\;McAllester2000\;Nelson1980\;Nieuwenhuis2005\
;Nieuwenhuis2007\;Paterson1990\;Reddy1977\;Schmidt2009\;Shostak1977\;S
hostak1978\;Tiwari\;;
1 ExplicitGroup:Proof complexity\;0\;Arora2009\;Beame1998a\;Boudou\;Co
ok1979\;;
}

