% This file was created with JabRef 2.10.
% Encoding: Cp1252


@InProceedings{RP08,
  Title                    = {Linear-Time Reductions of Resolution Proofs},
  Author                   = {Omer Bar-Ilan and
 Oded Fuhrmann and
 Shlomo Hoory and
 Ohad Shacham and
 Ofer Strichman},
  Booktitle                = {Haifa Verification Conference},
  Year                     = {2008},
  Pages                    = {114-128},

  Bibsource                = {DBLP, http://dblp.uni-trier.de},
  Crossref                 = {DBLP:conf/hvc/2008},
  Ee                       = {http://dx.doi.org/10.1007/978-3-642-01702-5_14}
}

@InProceedings{isabelle-blanchette-boehme,
  Title                    = {Extending {Sledgehammer} with {SMT} Solvers},
  Author                   = {Jasmin Christian Blanchette and
 Sascha B{\"o}hme and
 Lawrence C. Paulson},
  Booktitle                = {CADE},
  Year                     = {2011},
  Pages                    = {116-130},

  Bibsource                = {DBLP, http://dblp.uni-trier.de},
  Crossref                 = {DBLP:conf/cade/2011},
  Ee                       = {http://dx.doi.org/10.1007/978-3-642-22438-6_11}
}

@InProceedings{veriT,
  Title                    = {veriT: An Open, Trustable and Efficient SMT-Solver},
  Author                   = {Thomas Bouton and
 Diego Caminha B. de Oliveira and
 David D{\'e}harbe and
 Pascal Fontaine},
  Booktitle                = {CADE},
  Year                     = {2009},
  Pages                    = {151-156},

  Bibsource                = {DBLP, http://dblp.uni-trier.de},
  Crossref                 = {DBLP:conf/cade/2009},
  Ee                       = {http://dx.doi.org/10.1007/978-3-642-02959-2_12}
}

@InProceedings{satallax,
  Title                    = {Satallax: An Automatic Higher-Order Prover},
  Author                   = {Chad E. Brown},
  Booktitle                = {IJCAR},
  Year                     = {2012},
  Pages                    = {111-117},

  Bibsource                = {DBLP, http://dblp.uni-trier.de},
  Crossref                 = {DBLP:conf/cade/2012},
  Ee                       = {http://dx.doi.org/10.1007/978-3-642-31365-3_11}
}

@InProceedings{cook,
  Title                    = {The Complexity of Theorem-Proving Procedures},
  Author                   = {Stephen A. Cook},
  Booktitle                = {STOC},
  Year                     = {1971},
  Pages                    = {151-158},

  Bibsource                = {DBLP, http://dblp.uni-trier.de},
  Crossref                 = {DBLP:conf/stoc/STOC3},
  Ee                       = {http://doi.acm.org/10.1145/800157.805047}
}

@InProceedings{LURPI,
  Title                    = {Compression of Propositional Resolution Proofs via Partial
 Regularization},
  Author                   = {Pascal Fontaine and
 Stephan Merz and
 Bruno {Woltzenlogel Paleo}},
  Booktitle                = {CADE},
  Year                     = {2011},
  Pages                    = {237-251},

  Bibsource                = {DBLP, http://dblp.uni-trier.de},
  Crossref                 = {DBLP:conf/cade/2011},
  Ee                       = {http://dx.doi.org/10.1007/978-3-642-22438-6_19}
}

@InProceedings{Goerdt,
  Title                    = {Comparing the Complexity of Regular and Unrestricted Resolution},
  Author                   = {Andreas Goerdt},
  Booktitle                = {GWAI},
  Year                     = {1990},
  Pages                    = {181-185},

  Bibsource                = {DBLP, http://dblp.uni-trier.de},
  Crossref                 = {DBLP:conf/ki/1990}
}

@InProceedings{Hofferek,
  Title                    = {Synthesizing multiple boolean functions using interpolation
 on a single proof},
  Author                   = {Georg Hofferek and
 Ashutosh Gupta and
 Bettina K{\"o}nighofer and
 Jie-Hong Roland Jiang and
 Roderick Bloem},
  Booktitle                = {FMCAD},
  Year                     = {2013},
  Pages                    = {77-84},

  Bibsource                = {DBLP, http://dblp.uni-trier.de},
  Crossref                 = {DBLP:conf/fmcad/2013},
  Ee                       = {http://ieeexplore.ieee.org/xpl/freeabs_all.jsp?arnumber=6679394}
}

@InProceedings{iProver,
  Title                    = {iProver - An Instantiation-Based Theorem Prover for First-Order
 Logic (System Description)},
  Author                   = {Konstantin Korovin},
  Booktitle                = {IJCAR},
  Year                     = {2008},
  Pages                    = {292-298},

  Bibsource                = {DBLP, http://dblp.uni-trier.de},
  Crossref                 = {DBLP:conf/cade/2008},
  Ee                       = {http://dx.doi.org/10.1007/978-3-540-71070-7_24}
}

@InProceedings{spassT,
  Title                    = {{SPASS+T}},
  Author                   = {Virgile Prevosto and
 Uwe Waldmann},
  Booktitle                = {ESCoR},
  Year                     = {2006},
  Pages                    = {18-33},

  Crossref                 = {Jo:conf/escor/2006}
}

@InProceedings{Sinz,
  Title                    = {Compressing Propositional Proofs by Common Subproof Extraction},
  Author                   = {Carsten Sinz},
  Booktitle                = {EUROCAST},
  Year                     = {2007},
  Pages                    = {547-555},

  Bibsource                = {DBLP, http://dblp.uni-trier.de},
  Crossref                 = {DBLP:conf/eurocast/2007},
  Ee                       = {http://dx.doi.org/10.1007/978-3-540-75867-9_69}
}

@Article{Amjad07,
  Title                    = {Compressing Propositional Refutations},
  Author                   = {Hasan Amjad},
  Journal                  = {Electr. Notes Theor. Comput. Sci.},
  Year                     = {2007},
  Pages                    = {3-15},
  Volume                   = {185},

  Bibsource                = {DBLP, http://dblp.uni-trier.de},
  Ee                       = {http://dx.doi.org/10.1016/j.entcs.2007.05.025}
}

@Article{RP11,
  Title                    = {Reducing the size of resolution proofs in linear time},
  Author                   = {Omer Bar-Ilan and
 Oded Fuhrmann and
 Shlomo Hoory and
 Ohad Shacham and
 Ofer Strichman},
  Journal                  = {STTT},
  Year                     = {2011},
  Number                   = {3},
  Pages                    = {263-272},
  Volume                   = {13},

  Bibsource                = {DBLP, http://dblp.uni-trier.de},
  Ee                       = {http://dx.doi.org/10.1007/s10009-010-0167-5}
}

@Article{ben2009size,
  Title                    = {Size-space tradeoffs for resolution},
  Author                   = {Ben-Sasson, Eli},
  Journal                  = {SIAM Journal on Computing},
  Year                     = {2009},
  Number                   = {6},
  Pages                    = {2511--2525},
  Volume                   = {38},

  Publisher                = {SIAM}
}

@InProceedings{ben2008short,
  Title                    = {Short proofs may be spacious: An optimal separation of space and length in resolution},
  Author                   = {Ben-Sasson, Eli and Nordstrom, Jakob},
  Booktitle                = {Foundations of Computer Science, 2008. FOCS'08. IEEE 49th Annual IEEE Symposium on},
  Year                     = {2008},
  Organization             = {IEEE},
  Pages                    = {709--718}
}

@Article{Biere_picosatessentials,
  Title                    = {Picosat essentials},
  Author                   = {Armin Biere},
  Journal                  = {Journal on Satisfiability, Boolean Modeling and Computation (JSAT},
  Pages                    = {2008}
}

@Misc{tracecheck,
  Title                    = {TraceCheck resolution proof format},

  Author                   = {Biere, Armin},
  Year                     = {2006},

  Url                      = {http://fmv.jku.at/tracecheck/README.tracecheck}
}

@InProceedings{Skeptik,
  Title                    = {Skeptik [System Description]},
  Author                   = {Joseph Boudou and 
 Andreas Fellner and 
 Bruno {Woltzenlogel Paleo}},
  Booktitle                = {submitted},
  Year                     = {2014}
}

@InProceedings{BoutonCaminha-B.-de-OliveiraDeharbeFontaine2009veriT:-an-open-trustable-and-efficient-SMT-Solver,
  Title                    = {veriT: an open, trustable and efficient SMT-Solver},
  Author                   = {Bouton, Thomas and Caminha B. de Oliveira, Diego and Deharbe, David and Fontaine, Pascal},
  Booktitle                = {Automated Deduction - CADE-22 (22nd International Conference on Automated Deduction)},
  Year                     = {2009},
  Editor                   = {Renate A. Schmidt},

  Date-added               = {2009-12-29 11:03:28 +0100},
  Date-modified            = {2010-01-09 10:01:58 +0100},
  Read                     = {Yes}
}

@Article{chan2013pebble,
  Title                    = {Pebble Games and Complexity},
  Author                   = {Chan, Siu Man},
  Year                     = {2013}
}

@InCollection{CottonSplit,
  Title                    = {Two Techniques for Minimizing Resolution Proofs},
  Author                   = {Cotton, Scott},
  Booktitle                = {Theory and Applications of Satisfiability Testing â€“ SAT 2010},
  Publisher                = {Springer},
  Year                     = {2010},
  Editor                   = {Strichman, Ofer and Szeider, Stefan},
  Pages                    = {306-312},
  Series                   = {Lecture Notes in Computer Science},
  Volume                   = {6175},

  Ee                       = {http://dx.doi.org/10.1007/978-3-642-14186-7_26},
  ISBN                     = {978-3-642-14185-0}
}

@InProceedings{van1979move,
  Title                    = {Move rules and trade-offs in the pebble game},
  Author                   = {van Emde Boas, Peter and van Leeuwen, Jan},
  Booktitle                = {Theoretical Computer Science 4th GI Conference},
  Year                     = {1979},
  Organization             = {Springer},
  Pages                    = {101--112}
}

@Article{Esteban200184,
  Title                    = {Space Bounds for Resolution },
  Author                   = {Juan Luis Esteban and Jacobo TorÃ¡n},
  Journal                  = {Information and Computation },
  Year                     = {2001},
  Number                   = {1},
  Pages                    = {84 - 97},
  Volume                   = {171},

  Doi                      = {http://dx.doi.org/10.1006/inco.2001.2921},
  ISSN                     = {0890-5401},
  Url                      = {http://www.sciencedirect.com/science/article/pii/S0890540101929219}
}

@InCollection{fontaine2011compression,
  Title                    = {Compression of propositional resolution proofs via partial regularization},
  Author                   = {Fontaine, Pascal and Merz, Stephan and Paleo, Bruno Woltzenlogel},
  Booktitle                = {Automated Deduction--CADE-23},
  Publisher                = {Springer},
  Year                     = {2011},
  Pages                    = {237--251}
}

@InProceedings{bwp10,
  Title                    = {Exploring and Exploiting Algebraic and Graphical Properties of Resolution},
  Author                   = {Fontaine, Pascal and Merz, Stephan and Woltzenlogel Paleo, Bruno},
  Booktitle                = {{8th International Workshop on Satisfiability Modulo Theories - SMT 2010}},
  Year                     = {2010},

  Address                  = {Edinburgh, Royaume-Uni},
  Month                    = Jul,

  Affiliation              = {VERIDIS - INRIA Nancy - Grand Est / LORIA},
  Audience                 = {internationale },
  File                     = {AlgebraicPropertiesOfResolution.pdf:http\://hal.inria.fr/inria-00544658/PDF/AlgebraicPropertiesOfResolution.pdf:PDF},
  Hal_id                   = {inria-00544658},
  Language                 = {Anglais},
  Url                      = {http://hal.inria.fr/inria-00544658}
}

@Article{gilbert1980pebbling,
  Title                    = {The pebbling problem is complete in polynomial space},
  Author                   = {Gilbert, John R and Lengauer, Thomas and Tarjan, Robert Endre},
  Journal                  = {SIAM Journal on Computing},
  Year                     = {1980},
  Number                   = {3},
  Pages                    = {513--524},
  Volume                   = {9},

  Publisher                = {SIAM}
}

@InProceedings{hertel2007black,
  Title                    = {Black-White Pebbling is PSPACE-Complete},
  Author                   = {Hertel, Philipp and Pitassi, Toniann},
  Booktitle                = {Electronic Colloquium on Computational Complexity (ECCC)},
  Year                     = {2007},
  Number                   = {044},
  Volume                   = {14}
}

@Misc{bdrup,
  Title                    = {BDRUP proof format},

  Author                   = {Heule, Marijn},
  Year                     = {2013},

  Url                      = {\\ www.satcompetition.org/2013/certunsat.shtml}
}

@Misc{drup,
  Title                    = {DRUP proof format},

  Author                   = {Heule, Marijn},
  Year                     = {2007},

  Url                      = {www.cs.utexas.edu/\~{}marijn/drup/}
}

@Article{sat-competition,
  Title                    = {The International {SAT} Solver Competitions},
  Author                   = {Matti J\"arvisalo and Le Berre, Daniel and Olivier Roussel and Laurent Simon},
  Journal                  = {AI Magazine},
  Year                     = {2012},
  Number                   = {1},
  Pages                    = {89-92},
  Volume                   = {33}
}

@Article{kasai1979classes,
  Title                    = {Classes of pebble games and complete problems},
  Author                   = {Kasai, Takumi and Adachi, Akeo and Iwata, Shigeki},
  Journal                  = {SIAM Journal on Computing},
  Year                     = {1979},
  Number                   = {4},
  Pages                    = {574--586},
  Volume                   = {8},

  Publisher                = {SIAM}
}

@Article{marques2009conflict,
  Title                    = {Conflict-driven clause learning SAT solvers},
  Author                   = {Marques-Silva, Joao and Lynce, In{\^e}s and Malik, Sharad},
  Journal                  = {Handbook of satisfiability},
  Year                     = {2009},
  Pages                    = {131--153},
  Volume                   = {185},

  Publisher                = {IOS Press}
}

@Article{nordstrom2009narrow,
  Title                    = {Narrow proofs may be spacious: Separating space and width in resolution},
  Author                   = {Nordstr{\"o}m, Jakob},
  Journal                  = {SIAM Journal on Computing},
  Year                     = {2009},
  Number                   = {1},
  Pages                    = {59--121},
  Volume                   = {39},

  Publisher                = {SIAM}
}

@InProceedings{paterson1970comparative,
  Title                    = {Comparative schematology},
  Author                   = {Paterson, Michael S and Hewitt, Carl E},
  Booktitle                = {Record of the Project MAC Conference on Concurrent Systems and Parallel Computation},
  Year                     = {1970},
  Organization             = {ACM},
  Pages                    = {119--127}
}

@Book{pippenger1982advances,
  Title                    = {Advances in pebbling},
  Author                   = {Pippenger, Nicholas},
  Publisher                = {Springer},
  Year                     = {1982}
}

@Article{Vampire,
  Title                    = {The design and implementation of VAMPIRE},
  Author                   = {Alexandre Riazanov and
 Andrei Voronkov},
  Journal                  = {AI Commun.},
  Year                     = {2002},
  Number                   = {2-3},
  Pages                    = {91-110},
  Volume                   = {15},

  Bibsource                = {DBLP, http://dblp.uni-trier.de},
  Ee                       = {http://iospress.metapress.com/content/ajar8kjbdtdf7kc2/}
}

@InCollection{RedRec,
  Title                    = {An Efficient and Flexible Approach to Resolution Proof Reduction},
  Author                   = {Rollini, Simone Fulvio and
 Bruttomesso, Roberto and
 Sharygina, Natasha},
  Booktitle                = {Hardware and Software: Verification and Testing},
  Publisher                = {Springer},
  Year                     = {2011},
  Editor                   = {Barner, Sharon and Harris, Ian and Kroening, Daniel and Raz, Orna},
  Pages                    = {182-196},
  Series                   = {Lecture Notes in Computer Science},
  Volume                   = {6504},

  Ee                       = {http://dx.doi.org/10.1007/978-3-642-19583-9_17},
  ISBN                     = {978-3-642-19582-2}
}

@Article{sethi1975complete,
  Title                    = {Complete register allocation problems},
  Author                   = {Sethi, Ravi},
  Journal                  = {SIAM journal on Computing},
  Year                     = {1975},
  Number                   = {3},
  Pages                    = {226--248},
  Volume                   = {4},

  Publisher                = {SIAM}
}

@InCollection{Tseitin,
  Title                    = {On the complexity of derivation in propositional calculus.},
  Author                   = {Tseitin, G. S.},
  Booktitle                = {Automation of Reasoning: Classical Papers in Computational Logic 1967-1970},
  Publisher                = {Springer-Verlag},
  Year                     = {1983},
  Editor                   = {Siekmann, J. and Wrightson, G.},
  Volume                   = {2},

  Comment                  = {Originally published 1970},
  Keywords                 = {Proof Complexity, Proof Theory}
}

@Article{Walker1973404,
  Title                    = {Characterizations of flowchartable recursions },
  Author                   = {S.A. Walker and H.R. Strong},
  Journal                  = {Journal of Computer and System Sciences },
  Year                     = {1973},
  Number                   = {4},
  Pages                    = {404 - 447},
  Volume                   = {7},

  Doi                      = {http://dx.doi.org/10.1016/S0022-0000(73)80032-7},
  ISSN                     = {0022-0000},
  Url                      = {http://www.sciencedirect.com/science/article/pii/S0022000073800327}
}

@Proceedings{DBLP:conf/cade/2008,
  Title                    = {Automated Reasoning, 4th International Joint Conference,
 IJCAR 2008, Sydney, Australia, August 12-15, 2008, Proceedings},
  Year                     = {2008},
  Editor                   = {Alessandro Armando and
 Peter Baumgartner and
 Gilles Dowek},
  Publisher                = {Springer},
  Series                   = {Lecture Notes in Computer Science},
  Volume                   = {5195},

  Bibsource                = {DBLP, http://dblp.uni-trier.de},
  Booktitle                = {IJCAR},
  ISBN                     = {978-3-540-71069-1}
}

@Proceedings{DBLP:conf/cade/2011,
  Title                    = {Automated Deduction - CADE-23 - 23rd International Conference
 on Automated Deduction, Wroclaw, Poland, July 31 - August
 5, 2011. Proceedings},
  Year                     = {2011},
  Editor                   = {Nikolaj Bj{\o}rner and
 Viorica Sofronie-Stokkermans},
  Publisher                = {Springer},
  Series                   = {Lecture Notes in Computer Science},
  Volume                   = {6803},

  Bibsource                = {DBLP, http://dblp.uni-trier.de},
  Booktitle                = {CADE},
  Ee                       = {http://dx.doi.org/10.1007/978-3-642-22438-6},
  ISBN                     = {978-3-642-22437-9}
}

@Proceedings{DBLP:conf/hvc/2008,
  Title                    = {Hardware and Software: Verification and Testing, 4th International
 Haifa Verification Conference, HVC 2008, Haifa, Israel,
 October 27-30, 2008. Proceedings},
  Year                     = {2009},
  Editor                   = {Hana Chockler and
 Alan J. Hu},
  Publisher                = {Springer},
  Series                   = {Lecture Notes in Computer Science},
  Volume                   = {5394},

  Bibsource                = {DBLP, http://dblp.uni-trier.de},
  Booktitle                = {Haifa Verification Conference},
  Ee                       = {http://dx.doi.org/10.1007/978-3-642-01702-5},
  ISBN                     = {978-3-642-01701-8}
}

@Proceedings{DBLP:conf/cade/2012,
  Title                    = {Automated Reasoning - 6th International Joint Conference,
 IJCAR 2012, Manchester, UK, June 26-29, 2012. Proceedings},
  Year                     = {2012},
  Editor                   = {Bernhard Gramlich and
 Dale Miller and
 Uli Sattler},
  Publisher                = {Springer},
  Series                   = {Lecture Notes in Computer Science},
  Volume                   = {7364},

  Bibsource                = {DBLP, http://dblp.uni-trier.de},
  Booktitle                = {IJCAR},
  Ee                       = {http://dx.doi.org/10.1007/978-3-642-31365-3},
  ISBN                     = {978-3-642-31364-6}
}

@Proceedings{DBLP:conf/stoc/STOC3,
  Title                    = {Proceedings of the 3rd Annual ACM Symposium on Theory of
 Computing, May 3-5, 1971, Shaker Heights, Ohio, USA},
  Year                     = {1971},
  Editor                   = {Michael A. Harrison and
 Ranan B. Banerji and
 Jeffrey D. Ullman},
  Publisher                = {ACM},

  Bibsource                = {DBLP, http://dblp.uni-trier.de},
  Booktitle                = {STOC}
}

@Proceedings{DBLP:conf/ki/1990,
  Title                    = {GWAI-90, 14th German Workshop on Artificial Intelligence,
 Eringerfeld, 10.-14. September 1990, Proceedings},
  Year                     = {1990},
  Editor                   = {Heinz Marburger},
  Publisher                = {Springer},
  Series                   = {Informatik-Fachberichte},
  Volume                   = {251},

  Bibsource                = {DBLP, http://dblp.uni-trier.de},
  Booktitle                = {GWAI},
  ISBN                     = {3-540-53132-7}
}

@Proceedings{DBLP:conf/eurocast/2007,
  Title                    = {Computer Aided Systems Theory - EUROCAST 2007, 11th International
 Conference on Computer Aided Systems Theory, Las Palmas
 de Gran Canaria, Spain, February 12-16, 2007, Revised Selected
 Papers},
  Year                     = {2007},
  Editor                   = {Roberto Moreno-D\'{\i}az and
 Franz Pichler and
 Alexis Quesada-Arencibia},
  Publisher                = {Springer},
  Series                   = {Lecture Notes in Computer Science},
  Volume                   = {4739},

  Bibsource                = {DBLP, http://dblp.uni-trier.de},
  Booktitle                = {EUROCAST},
  ISBN                     = {978-3-540-75866-2}
}

@Proceedings{DBLP:conf/cade/2009,
  Title                    = {Automated Deduction - CADE-22, 22nd International Conference
 on Automated Deduction, Montreal, Canada, August 2-7, 2009.
 Proceedings},
  Year                     = {2009},
  Editor                   = {Renate A. Schmidt},
  Publisher                = {Springer},
  Series                   = {Lecture Notes in Computer Science},
  Volume                   = {5663},

  Bibsource                = {DBLP, http://dblp.uni-trier.de},
  Booktitle                = {CADE},
  Ee                       = {http://dx.doi.org/10.1007/978-3-642-02959-2},
  ISBN                     = {978-3-642-02958-5}
}

@Proceedings{Jo:conf/escor/2006,
  Title                    = {ESCoR: Empirically Successful Computerized Reasoning},
  Year                     = {2006},
  Editor                   = {Geoff Sutcliffe and
 Renate Schmidt
 and Stephan Schulz},
  Series                   = {CEUR Workshop Proceedings},
  Volume                   = {192},

  Booktitle                = {ESCoR}
}

@Proceedings{DBLP:conf/fmcad/2013,
  Title                    = {Formal Methods in Computer-Aided Design, FMCAD 2013, Portland,
 OR, USA, October 20-23, 2013},
  Year                     = {2013},
  Publisher                = {IEEE},

  Bibsource                = {DBLP, http://dblp.uni-trier.de},
  Booktitle                = {FMCAD},
  Ee                       = {http://ieeexplore.ieee.org/xpl/mostRecentIssue.jsp?punumber=6675286}
}

